@article{huang,
  author={Huang, Dan and Lee, Scott},
  booktitle={2019 IEEE Conference on Games (CoG)}, 
  title={A Self-Play Policy Optimization Approach to Battling Pokémon}, 
  year={2019},
  volume={},
  number={},
  pages={1-4},
  doi={10.1109/CIG.2019.8848014},
}
  
@article{schmidt,
    author = {Schmidt-Jeffris, R A and Nelson, J C},
    title = {Gotta Catch ’Em All!: Communicating Entomology with Pokémon},
    journal = {American Entomologist},
    volume = {64},
    number = {3},
    pages = {159-164},
    year = {2018},
    month = {09},
    issn = {1046-2821},
    doi = {10.1093/ae/tmy048},
    url = {https://doi.org/10.1093/ae/tmy048},
    eprint = {https://academic.oup.com/ae/article-pdf/64/3/159/25738274/tmy048.pdf},
}

@article{settings,
    author= {Panumate, Chetprayoon, and Iida, Hiroyuki},
    title= 	{Finding Comfortable Settings of Video Games - Using Game Refinement Measure in Pokemon Battle AI},
    year= {2016},
    volume= {2016-GI-36},
    number= {6},
    pages= {1-7},
    url= {http://hdl.handle.net/10119/14077},
}

@article{reinforcement,
  author={Simões, David and Reis, Simão and Lau, Nuno and Reis, Luís Paulo},
  booktitle={2020 IEEE International Conference on Autonomous Robot Systems and Competitions (ICARSC)}, 
  title={Competitive Deep Reinforcement Learning over a Pokémon Battling Simulator}, 
  year={2020},
  volume={},
  number={},
  pages={40-45},
  doi={10.1109/ICARSC49921.2020.9096092},
  }
  
@article{bainbridge,
    author = {Jason Bainbridge},
    title ={‘It is a Pokémon world’: The Pokémon franchise and the environment},
    journal = {International Journal of Cultural Studies},
    volume = {17},
    number = {4},
    pages = {399-414},
    year = {2014},
    doi = {10.1177/1367877913501240},
    URL = {https://doi.org/10.1177/1367877913501240},
    eprint = {https://doi.org/10.1177/1367877913501240},
}

@thesis{zielke,
    author = {Grady Zielke},
    title = {Gotta Win'em All: How Expert Play in the Online Community of Smogon Changes Pokemon},
    journal = {Department of Digital Humanities, University of Alberta},
    year = {2020},
    url = {https://era.library.ualberta.ca/items/c5b69281-ea7f-4f02-98a6-bbaa6514d709/view/65ca983a-a29e-4a6b-879f-6677c1a1ceb2/Zielke_Grady_202009_MA.pdf},
}

@article{Verdear, 
title={Ontology-based Knowledge System and Team Verification Tool for Competitive Pokemon}, 
volume={34}, 
url={https://journals.flvc.org/FLAIRS/article/view/128544}, 
DOI={10.32473/flairs.v34i1.128544}, 
journal={The International FLAIRS Conference Proceedings}, 
author={Verdear, Daniel and Visser, Ubbo}, 
year={2021}, 
month={Apr.}, 
}

@article{phylogeny,
author = {Shelomi, Matan and Richards, Andrew and Li, Ivana and Okido, Yukinari},
year = {2012},
month = {08},
pages = {15-17},
title = {A Phylogeny and Evolutionary History of the Pokémon},
volume = {18},
journal = {Annals of Improbable Research}
}

@article{minmax,
    author = {Gustavo Montes},
    title = {Algorithm for Pokemon battle game using MinMax},
    year = {2013},
    month = {12},
    journal = {Reporte Tecnico RT-0002-2013},
    institution = {Tecnologico de Monterrey, Campus Guadalajara},
    pages = {131-149},
}